@article{kolokoltsov2010understanding,
  title={Understanding game theory: introduction to the analysis of many agent systems with competition and cooperation},
  author={Kolokoltsov, Vassili N and Malafeyev, Oleg},
  journal={UNDERSTANDING GAME THEORY},
  year={2010}
}
@article{hansen1990airline,
  title={Airline competition in a hub-dominated environment: An application of noncooperative game theory},
  author={Hansen, Mark},
  journal={Transportation Research Part B: Methodological},
  volume={24},
  number={1},
  pages={27--43},
  year={1990},
  publisher={Elsevier}
}
@article{walesiakoptiscalinterval,
  title={optIscalInterval: Selecting the optimal multidimensional scaling procedure for...},
  author={Walesiak, Marek and Dudek, Andrzej}
}
@book{tirole1988theory,
  title={The theory of industrial organization},
  author={Tirole, Jean},
  year={1988},
  publisher={MIT press}
}

@book{osborne1990bargaining,
  title={Bargaining and markets},
  author={Osborne, Martin J and Rubinstein, Ariel},
  year={1990},
  publisher={Academic press}
}
@article{grether1970industrial,
  title={Industrial organization: past history and future problems},
  author={Grether, Ewald T},
  journal={The American Economic Review},
  volume={60},
  number={2},
  pages={83--89},
  year={1970},
  publisher={JSTOR}
}
@book{davis2009quantitative,
  title={Quantitative techniques for competition and antitrust analysis},
  author={Davis, Peter and Garc{\'e}s, Eliana},
  year={2009},
  publisher={Princeton University Press}
}

@article{baker2007market,
  title={Market definition: An analytical overview},
  author={Baker, Jonathan B},
  journal={Antitrust Law Journal},
  volume={74},
  number={1},
  pages={129--173},
  year={2007},
  publisher={JSTOR}
}